<?xml version="1.0" encoding="utf-8"?>
<record xmlns="http://www.loc.gov/MARC21/slim" xmlns:xsi="http://www.w3.org/2001/XMLSchema-instance" xsi:schemaLocation="http://www.loc.gov/MARC21/slim http://www.loc.gov/standards/marcxml/schema/MARC21slim.xsd">
	<leader>     nam a22        4500</leader>
	<controlfield tag="001">001677331</controlfield>
	<controlfield tag="003">NNU</controlfield>
	<controlfield tag="006">m        d        </controlfield>
	<controlfield tag="007">cr cn |||m|||a</controlfield>
	<controlfield tag="008">150603s1877    ua      o     000 0 ara d</controlfield>
	<datafield ind1=" " ind2=" " tag="040">
		<subfield code="a">NNU</subfield>
		<subfield code="b">eng</subfield>
		<subfield code="c">NNU</subfield>
	</datafield>
	<datafield ind1="1" ind2=" " tag="100">
		<subfield code="a">Ibn al-Qāṣiḥ, ʻAlī ibn ʻUthmān,</subfield>
		<subfield code="d">1316 or 17-1398 or 9.</subfield>
	</datafield>
	<datafield ind1="1" ind2="0" tag="245">
		<subfield code="a">Sharḥ al-ʻAllāmah Ibn al-Qāṣiḥ ʻalá al-Shāṭibīyah</subfield>
		<subfield code="h">[electronic resource] :</subfield>
		<subfield code="b">al-musammá bi-Sirāj al-qāriʼ al-mubtadī wa-tadhkār al-muqriʼ al-muntahī. Wa-bi-hāmishihi Ghayth al-nafʻ fī al-qirāʼāt al-sabʻ / li-ʻAlī al-Nūrī al-Ṣafāqisī.</subfield>
	</datafield>
	<datafield ind1=" " ind2=" " tag="260">
		<subfield code="a">[Cairo] :</subfield>
		<subfield code="b">al-Maṭbaʻah al-Kubrá al-ʻĀmirah,</subfield>
		<subfield code="c">1293 [1877]</subfield>
	</datafield>
	<datafield ind1=" " ind2=" " tag="300">
		<subfield code="a">online resource (418 p.)</subfield>
	</datafield>
	<datafield ind1=" " ind2=" " tag="500">
		<subfield code="a">With as issued, al-Safāqsi, 'Ali al-Nūri. Ghaith al-nafa' fī al-qirā'āt al-sab'.</subfield>
	</datafield>
	<datafield ind1=" " ind2=" " tag="500">
		<subfield code="a">Part of the Arabic Collections Online (ACO) project, contributed by New York Univeristy Libraries.</subfield>
	</datafield>
	<datafield ind1=" " ind2=" " tag="533">
		<subfield code="a">Electronic reproduction.</subfield>
		<subfield code="b">New York, N.Y. :</subfield>
		<subfield code="c">New York University,</subfield>
		<subfield code="d">2015.</subfield>
		<subfield code="5">NNU</subfield>
	</datafield>
	<datafield ind1="1" ind2="0" tag="600">
		<subfield code="a">Shāṭibī, al-Qāsim ibn Fīrruh,</subfield>
		<subfield code="d">1144-1194.</subfield>
		<subfield code="t">Ḥirz al-amānī.</subfield>
	</datafield>
	<datafield ind1="2" ind2=" " tag="710">
		<subfield code="a">New York University.</subfield>
		<subfield code="b">Libraries.</subfield>
	</datafield>
	<datafield ind1="0" ind2=" " tag="730">
		<subfield code="a">Arabic Collections Online.</subfield>
	</datafield>
	<datafield ind1="0" ind2="1" tag="740">
		<subfield code="a">Sirāj al-qāriʼ al-mubtadī wa-tadhkār al-muqriʼ al-muntahī.</subfield>
	</datafield>
	<datafield ind1="0" ind2="1" tag="740">
		<subfield code="a">Sharḥ Ibn al-Qāṣiḥ ʻalá al-Shāṭibīyah.</subfield>
	</datafield>
	<datafield ind1="1" ind2="2" tag="700">
		<subfield code="a">Nūrī al-Ṣafāqisī, ʻAlī ibn Muḥammad,</subfield>
		<subfield code="d">ca. 1643-1706.</subfield>
		<subfield code="t">Ghayth al-nafʻ fī al-qirāʼāt al-sabʻ.</subfield>
		<subfield code="f">1293 [1877].</subfield>
	</datafield>
	<datafield ind1="0" ind2="1" tag="740">
		<subfield code="a">Ghayth al-nafʻ fī al-qirāʼāt al-sabʻ.</subfield>
	</datafield>
	<datafield ind1="0" ind2="8" tag="776">
		<subfield code="i">Print version:</subfield>
		<subfield code="a">Ibn al-Qāṣiḥ, ʻAlī ibn ʻUthmān, 1316 or 17-1398 or 9.</subfield>
		<subfield code="t">Sharḥ al-ʻAllāmah Ibn al-Qāṣiḥ ʻalá al-Shāṭibīyah</subfield>
		<subfield code="w">(NNU)001677331</subfield>
	</datafield>
	<datafield ind1="4" ind2="0" tag="856">
		<subfield code="u">http://hdl.handle.net/2333.1/3ffbg9r9</subfield>
	</datafield>
	<datafield ind1=" " ind2=" " tag="959">
		<subfield code="a">NNU</subfield>
		<subfield code="b">WEB</subfield>
		<subfield code="c">GENI</subfield>
		<subfield code="t">0</subfield>
		<subfield code="m">Electronic access</subfield>
		<subfield code="s">01</subfield>
	</datafield>
	<datafield ind1=" " ind2=" " tag="999">
		<subfield code="i">NNU_001677331</subfield>
		<subfield code="s">nyu_aco000735</subfield>
		<subfield code="e">(ERROR-880)</subfield>
	</datafield>
</record>
